<record><leader>00000cas a22000007a 4500</leader><controlfield tag="001">16163978</controlfield><controlfield tag="008">870713d19301930iauwr ne      0    0eng d</controlfield><datafield ind1=" " ind2=" " tag="010"><subfield code="a">sn 87057035 </subfield></datafield><datafield ind1=" " ind2=" " tag="040"><subfield code="a">INP</subfield><subfield code="b">eng</subfield><subfield code="c">INP</subfield><subfield code="d">OCL</subfield><subfield code="d">OCLCQ</subfield><subfield code="d">OCLCO</subfield></datafield><datafield ind1=" " ind2=" " tag="042"><subfield code="a">msc</subfield></datafield><datafield ind1="0" ind2="0" tag="245"><subfield code="a">Des Moines times and Delphic.</subfield></datafield><datafield ind1="1" ind2="7" tag="246"><subfield code="a">Des Moines times</subfield></datafield><datafield ind1=" " ind2=" " tag="260"><subfield code="a">Des Moines, Iowa :</subfield><subfield code="b">Dept. of Journalism of Drake University,</subfield><subfield code="c">1930.</subfield></datafield><datafield ind1=" " ind2=" " tag="300"><subfield code="a">1 volume</subfield></datafield><datafield ind1=" " ind2=" " tag="310"><subfield code="a">Weekly</subfield></datafield><datafield ind1=" " ind2=" " tag="336"><subfield code="a">text</subfield><subfield code="b">txt</subfield><subfield code="2">rdacontent</subfield></datafield><datafield ind1=" " ind2=" " tag="337"><subfield code="a">unmediated</subfield><subfield code="b">n</subfield><subfield code="2">rdamedia</subfield></datafield><datafield ind1=" " ind2=" " tag="338"><subfield code="a">volume</subfield><subfield code="b">nc</subfield><subfield code="2">rdacarrier</subfield></datafield><datafield ind1="0" ind2=" " tag="362"><subfield code="a">Vol. 48, no. 1 (Feb. 10, 1930)-v. 48, no. 17 (May 30, 1930.</subfield></datafield><datafield ind1="2" ind2=" " tag="710"><subfield code="a">Drake University.</subfield></datafield><datafield ind1="2" ind2=" " tag="710"><subfield code="a">Drake University.</subfield><subfield code="b">Department of Journalism.</subfield></datafield><datafield ind1=" " ind2=" " tag="752"><subfield code="a">United States</subfield><subfield code="b">Iowa</subfield><subfield code="c">Polk</subfield><subfield code="d">Des Moines.</subfield></datafield><datafield ind1="0" ind2="0" tag="780"><subfield code="t">Drake Delphic</subfield><subfield code="w">(OCoLC)16163940</subfield></datafield><datafield ind1="0" ind2="0" tag="785"><subfield code="t">Des Moines times-Delphic</subfield><subfield code="w">(OCoLC)16164012</subfield></datafield></record>